@inproceedings{DBLP:conf/fpt/ChoiBA13,
  author    = {Jongsok Choi and
               Stephen Dean Brown and
               Jason Helge Anderson},
  title     = {From software threads to parallel hardware in high-level synthesis
               for FPGAs},
  booktitle = {2013 International Conference on Field-Programmable Technology, {FPT}
               2013, Kyoto, Japan, December 9-11, 2013},
  pages     = {270--277},
  publisher = {{IEEE}},
  year      = {2013},
  url       = {https://doi.org/10.1109/FPT.2013.6718365},
  doi       = {10.1109/FPT.2013.6718365},
  timestamp = {Wed, 16 Oct 2019 14:14:52 +0200},
  biburl    = {https://dblp.org/rec/conf/fpt/ChoiBA13.bib},
  bibsource = {dblp computer science bibliography, https://dblp.org}
}


@article{DBLP:journals/tc/RamanathanWC18,
  author    = {Nadesh Ramanathan and
               John Wickerson and
               George A. Constantinides},
  title     = {Scheduling Weakly Consistent {C} Concurrency for Reconfigurable Hardware},
  journal   = {{IEEE} Trans. Computers},
  volume    = {67},
  number    = {7},
  pages     = {992--1006},
  year      = {2018},
  url       = {https://doi.org/10.1109/TC.2017.2786249},
  doi       = {10.1109/TC.2017.2786249},
  timestamp = {Tue, 10 Jul 2018 09:45:38 +0200},
  biburl    = {https://dblp.org/rec/journals/tc/RamanathanWC18.bib},
  bibsource = {dblp computer science bibliography, https://dblp.org}
}

@inproceedings{DBLP:conf/fpga/RamanathanFWC17,
  author    = {Nadesh Ramanathan and
               Shane T. Fleming and
               John Wickerson and
               George A. Constantinides},
  editor    = {Jonathan W. Greene and
               Jason Helge Anderson},
  title     = {Hardware Synthesis of Weakly Consistent {C} Concurrency},
  booktitle = {Proceedings of the 2017 {ACM/SIGDA} International Symposium on Field-Programmable
               Gate Arrays, {FPGA} 2017, Monterey, CA, USA, February 22-24, 2017},
  pages     = {169--178},
  publisher = {{ACM}},
  year      = {2017},
  url       = {http://dl.acm.org/citation.cfm?id=3021733},
  timestamp = {Tue, 06 Nov 2018 16:58:22 +0100},
  biburl    = {https://dblp.org/rec/conf/fpga/RamanathanFWC17.bib},
  bibsource = {dblp computer science bibliography, https://dblp.org}
}

@inproceedings{DBLP:conf/fccm/RamanathanCW18,
  author    = {Nadesh Ramanathan and
               George A. Constantinides and
               John Wickerson},
  title     = {Concurrency-Aware Thread Scheduling for High-Level Synthesis},
  booktitle = {26th {IEEE} Annual International Symposium on Field-Programmable Custom
               Computing Machines, {FCCM} 2018, Boulder, CO, USA, April 29 - May
               1, 2018},
  pages     = {101--108},
  publisher = {{IEEE} Computer Society},
  year      = {2018},
  url       = {https://doi.org/10.1109/FCCM.2018.00025},
  doi       = {10.1109/FCCM.2018.00025},
  timestamp = {Fri, 27 Dec 2019 21:25:38 +0100},
  biburl    = {https://dblp.org/rec/conf/fccm/RamanathanCW18.bib},
  bibsource = {dblp computer science bibliography, https://dblp.org}
}

@article{DBLP:journals/tvlsi/RamanathanCW21,
  author    = {Nadesh Ramanathan and
               George A. Constantinides and
               John Wickerson},
  title     = {Global Analysis of {C} Concurrency in High-Level Synthesis},
  journal   = {{IEEE} Trans. Very Large Scale Integr. Syst.},
  volume    = {29},
  number    = {1},
  pages     = {24--37},
  year      = {2021},
  url       = {https://doi.org/10.1109/TVLSI.2020.3026112},
  doi       = {10.1109/TVLSI.2020.3026112},
  timestamp = {Thu, 11 Feb 2021 11:53:52 +0100},
  biburl    = {https://dblp.org/rec/journals/tvlsi/RamanathanCW21.bib},
  bibsource = {dblp computer science bibliography, https://dblp.org}
}

@inproceedings{DBLP:conf/fccm/HuangLCCXBA13,
  author    = {Qijing Huang and
               Ruolong Lian and
               Andrew Canis and
               Jongsok Choi and
               Ryan Xi and
               Stephen Dean Brown and
               Jason Helge Anderson},
  title     = {The Effect of Compiler Optimizations on High-Level Synthesis for FPGAs},
  booktitle = {21st {IEEE} Annual International Symposium on Field-Programmable Custom
               Computing Machines, {FCCM} 2013, Seattle, WA, USA, April 28-30, 2013},
  pages     = {89--96},
  publisher = {{IEEE} Computer Society},
  year      = {2013},
  url       = {https://doi.org/10.1109/FCCM.2013.50},
  doi       = {10.1109/FCCM.2013.50},
  timestamp = {Thu, 18 Jun 2020 15:43:42 +0200},
  biburl    = {https://dblp.org/rec/conf/fccm/HuangLCCXBA13.bib},
  bibsource = {dblp computer science bibliography, https://dblp.org}
}

@inproceedings{DBLP:conf/popl/VafeiadisBCMN15,
  author    = {Viktor Vafeiadis and
               Thibaut Balabonski and
               Soham Chakraborty and
               Robin Morisset and
               Francesco Zappa Nardelli},
  editor    = {Sriram K. Rajamani and
               David Walker},
  title     = {Common Compiler Optimisations are Invalid in the {C11} Memory Model
               and what we can do about it},
  booktitle = {Proceedings of the 42nd Annual {ACM} {SIGPLAN-SIGACT} Symposium on
               Principles of Programming Languages, {POPL} 2015, Mumbai, India, January
               15-17, 2015},
  pages     = {209--220},
  publisher = {{ACM}},
  year      = {2015},
  url       = {https://doi.org/10.1145/2676726.2676995},
  doi       = {10.1145/2676726.2676995},
  timestamp = {Wed, 23 Jun 2021 17:06:05 +0200},
  biburl    = {https://dblp.org/rec/conf/popl/VafeiadisBCMN15.bib},
  bibsource = {dblp computer science bibliography, https://dblp.org}
}

@article{DBLP:journals/pcs/MoiseenkoPK21,
  author    = {Evgenii Moiseenko and
               Anton Podkopaev and
               Dmitrij V. Koznov},
  title     = {A Survey of Programming Language Memory Models},
  journal   = {Program. Comput. Softw.},
  volume    = {47},
  number    = {6},
  pages     = {439--456},
  year      = {2021},
  url       = {https://doi.org/10.1134/S0361768821060050},
  doi       = {10.1134/S0361768821060050},
  timestamp = {Thu, 30 Dec 2021 08:24:42 +0100},
  biburl    = {https://dblp.org/rec/journals/pcs/MoiseenkoPK21.bib},
  bibsource = {dblp computer science bibliography, https://dblp.org}
}

@inproceedings{DBLP:conf/lcpc/CongLPZ12,
  author    = {Jason Cong and
               Bin Liu and
               Raghu Prabhakar and
               Peng Zhang},
  editor    = {Hironori Kasahara and
               Keiji Kimura},
  title     = {A Study on the Impact of Compiler Optimizations on High-Level Synthesis},
  booktitle = {Languages and Compilers for Parallel Computing, 25th International
               Workshop, {LCPC} 2012, Tokyo, Japan, September 11-13, 2012, Revised
               Selected Papers},
  series    = {Lecture Notes in Computer Science},
  volume    = {7760},
  pages     = {143--157},
  publisher = {Springer},
  year      = {2012},
  url       = {https://doi.org/10.1007/978-3-642-37658-0\_10},
  doi       = {10.1007/978-3-642-37658-0\_10},
  timestamp = {Wed, 10 Jul 2019 13:10:38 +0200},
  biburl    = {https://dblp.org/rec/conf/lcpc/CongLPZ12.bib},
  bibsource = {dblp computer science bibliography, https://dblp.org}
}